2034 3277
554 140 1292 231 CONSUS.

363 244 698 322 Provido
739 242 1102 345 Superum
1137 240 1494 320 ConsiliO.

563 451 720 579 Vas
775 353 1275 553 Ellbbiionm

250 668 360 725 Deo
383 675 695 726 necessarium
720 671 867 727 rebus
899 672 1130 726 humanis
1154 669 1278 725 bene
1300 669 1522 744 gerendis
1538 713 1548 731 ‚
1578 672 1627 722 ὅ(
1651 669 1716 721 fe-

246 747 396 800 liciter
419 750 802 804 administrandis
828 752 983 821 prisca„
1016 754 1112 802 iam
1137 749 1403 820 antiquitas
1425 746 1568 799 duxit
1597 765 1717 801 con-

125 823 280 879 filium
299 870 309 887 ,
338 842 393 878 ut
413 826 481 878 nil
505 829 673 878 sanum
689 871 700 888 ‚
727 828 965 888 faustum,
992 826 1241 887 durabile,
1263 844 1320 878 ac
1342 841 1633 895 perpetuum
1663 823 1717 875 fi-

123 921 186 954 ne
208 901 293 955 illo
317 903 504 955 decerni
532 906 679 973 posse,
713 902 797 954 {ibi
822 922 924 955 non
965 903 1266 972 persuaderet
1300 899 1526 961 tantum,
1561 899 1637 951 sed
1663 903 1716 953 ὅ(

124 981 333 1032 Numen
365 977 566 1051 aliquod
596 978 842 1040 statueret,
877 998 1028 1049 atque
1061 979 1307 1040 adoraret,
1339 976 1480 1050 quod
1511 980 1745 1047 praeesset.

121 1053 340 1108 confilio.
453 1056 566 1108 Inde
591 1058 783 1108 Consus
806 1058 930 1108 inter
955 1056 1151 1125 superna
1173 1056 1407 1116 nomina,
1433 1072 1488 1104 ac
1509 1054 1718 1105 numina

121 1129 389 1184 celebratus
410 1131 598 1184 divinos
621 1131 706 1184 sibi
732 1133 1005 1185 vendicavit
1024 1131 1252 1185 honores,
1331 1135 1440 1184 Ceu
1463 1130 1555 1200 ipse
1589 1148 1716 1200 quo-

120 1225 221 1279 que
241 1207 479 1280 Superum
502 1213 677 1262 ReEtor
699 1228 802 1261 non
823 1210 929 1261 satis
951 1208 1153 1279 provide
1184 1208 1437 1270 statueret,
1475 1204 1508 1257 fi
1544 1206 1713 1280 magni

35 1269 57 1301 ἶ
120 1302 226 1337 rem
269 1285 550 1346 momenti,
593 1304 695 1338 non
738 1284 915 1338 auditis
949 1284 1049 1336 aliis
1092 1302 1303 1356 quoque
1327 1285 1456 1345 Diis,
1488 1282 1717 1335 decerne-

120 1374 209 1415 ret.
284 1360 375 1414 Sed
397 1359 520 1421 bafi,
543 1378 598 1411 ac
621 1360 806 1412 ratione
838 1380 941 1413 non
963 1377 1112 1421 caret,
1152 1360 1399 1433 quidquid
1433 1357 1715 1413 fabularum

119 1454 301 1492 veteres
325 1436 604 1488 commenti
625 1436 744 1488 sunt.
821 1435 1008 1489 Nostro
1033 1435 1315 1489 etiamnum
1336 1456 1466 1499 aeVO,
1481 1433 1564 1489 etsi
1577 1438 1717 1489 Con-

122 1513 198 1564 sus
210 1529 337 1573 aras,
359 1529 416 1563 ac
434 1511 664 1582 impofita
685 1511 771 1565 fibi
794 1511 936 1565 thura
966 1530 1070 1562 non
1100 1512 1257 1574 videt,
1300 1513 1513 1564 succedit
1544 1527 1715 1566 tamen

120 1587 324 1641 meliore
345 1606 401 1641 ac
422 1587 611 1642 saniore
633 1586 747 1642 fidei
768 1589 1079 1643 documento
1103 1589 1335 1660 providus
1355 1587 1432 1642 ille
1455 1586 1556 1640 caeli
1580 1592 1718 1642 Ocu.

120 1664 220 1729 luS,

390 1773 413 1787 ·-
526 1777 548 1787 -
659 1776 679 1786 -
791 1744 876 1819 qui
885 1758 1009 1817 puro
1025 1741 1237 1819 pondera
1259 1762 1418 1794 rerum

391 1815 608 1892 Discutit
624 1818 808 1872 intuitu
918 1853 942 1863 -
1191 1856 1209 1863 -

124 1893 266 1949 Unde
279 1893 457 1947 merito
483 1897 680 1967 ingenui
707 1894 1014 1951 Orthodoxae
1041 1895 1151 1949 fidei
1183 1897 1435 1948 (estatores
1468 1893 1598 1946 nefas
1629 1896 1715 1948 effe

123 1974 316 2026 ducunt
350 1971 622 2043 adstipulari
652 1991 757 2026 non
787 1970 1048 2047 prophanis
1080 1973 1340 2037 duntaxat,
1371 1973 1448 2025 sed
1473 1974 1525 2024 &
1554 1973 1716 2043 impiis

126 2048 215 2103 illis
237 2053 399 2103 Poe'tae
430 2049 586 2101 verbis
599 2071 615 2101 .-

319 2123 435 2199 Soepe
455 2124 572 2179 mihi
588 2122 785 2179 dubiam
806 2130 965 2181 traxit
973 2124 1265 2201 fintentt'am
1287 2140 1516 2188 mentem,

319 2204 560 2256 Curarem
565 2201 726 2277 [ἐμή
745 2220 924 2267 terras,
954 2223 1019 2256 an
1041 2201 1201 2256 nullus
1221 2201 1370 2275 ineſjbt

322 2280 510 2342 Refior,
533 2278 594 2337 Εἴ
612 2283 785 2333 incerto
789 2280 996 2354 fluerent
1017 2280 1244 2333 mortalia
1263 2276 1386 2355 casia.

126 2357 436 2410 Certioribus
453 2376 508 2410 ae
527 2356 736 2410 indubiis
766 2357 923 2411 verbis
947 2377 1116 2410 aurem
1129 2356 1318 2410 vellicat
1332 2354 1589 2428 Sapientia,
1602 2374 1712 2427 quae

129 2433 190 2485 fic
216 2435 273 2485 de
295 2435 363 2487 se:
387 2438 493 2507 Ego
523 2435 757 2505 Sapientia
777 2432 956 2489 habito
977 2435 1026 2486 in
1053 2433 1283 2486 Consili0.
1325 2452 1408 2485 aut
1422 2430 1713 2503 subsequen—

127 2526 174 2562 te
207 2509 288 2562 illo
316 2509 518 2564 oraculo
541 2532 551 2561 ε
601 2530 774 2564 meum
812 2512 878 2564 est
907 2511 1161 2565 consilium
1179 2552 1190 2572 ,
1211 2514 1265 2566 δε
1285 2511 1503 2580 aequitaS.
1635 2513 1714 2561 Ne

128 2584 297 2639 dubita
318 2590 496 2660 -igitur
553 2592 933 2643 CELSISSIME
1001 2605 1076 2641 Ac
1135 2591 1486 2642 REVEREND
1508 2604 1713 2637 ISSIME

128 2667 205 2717 Pit
220 2684 232 2715 1
249 2683 283 2718 N
299 2683 328 2717 c
342 2683 369 2715 E
384 2685 462 2727 ps,
489 2666 611 2737 quin
636 2665 824 2737 superni
846 2664 901 2723 sit
923 2684 1049 2741 opus
1070 2663 1298 2737 Confilij‚
1318 2661 1459 2736 quod
1483 2660 1628 2714 nobis
1665 2664 1713 2715 in

1006 2746 1054 2797 C
1094 2763 1118 2796 2
1553 2741 1714 2812 Caput
