2034 3277
1093 148 1215 240 V.

468 295 667 368 Mplum
690 295 951 367 quondam
975 295 1174 362 indicis,
1215 317 1270 352 ac
1297 298 1461 372 indicij
1483 317 1704 362 nomen,
1743 316 1799 353 ac
1826 297 1950 369 pene

441 375 677 433 „Numen
701 374 796 428 fuit
822 396 842 440 ,·
880 392 957 429 tot
977 376 1114 428 enim
1148 377 1447 448 portentofis
1482 378 1524 429 st:
1545 377 1717 450 paffim
1744 375 1952 430 insinua-

341 465 466 507 runt
496 451 686 514 modis,
727 469 781 504 ut
801 465 937 505 totus
960 456 1111 524 prope
1146 453 1382 525 antiquus
1409 453 1543 507 orbis
1576 455 1627 507 in
1661 455 1951 528 superstitio-

343 550 461 585 nem
485 529 668 582 abierit.
744 529 964 595 ¹Somniis
980 568 995 593 ‚
1017 529 1252 603 Auguriis
1276 531 1593 602 Haruspiciis,
1642 534 1696 584 δε
1719 530 1851 583 mille
1865 530 1951 583 ali-

341 611 382 664 is
402 609 490 660 viis
516 605 694 659 diversa
715 605 894 658 indicia
921 606 1080 659 varios
1103 604 1350 679 fignarunt
1362 625 1578 662 eventus.
1677 612 1738 661 Et
1757 607 1839 678 ipfi
1852 609 1951 679 ple-

342 704 554 756 rumque
576 683 785 754 supremi
809 684 1009 735 vertices
1044 681 1185 736 tanto
1219 683 1377 757 magis
1409 685 1687 755 prodromis
1708 684 1836 738 hisce
1859 704 1951 737 no„

341 768 401 820 tis
435 763 638 831 obnoxij
666 761 864 814 fuerunt
885 803 898 821 ‚
937 759 1129 831 quanto
1151 762 1311 835 magis
1346 762 1485 832 supra
1516 761 1711 833 plebem
1747 761 1948 815 eosdem

341 841 418 895 vel
442 845 681 899 Fortuna,
706 836 782 889 vel
811 838 961 891 virtus
983 837 1197 897 locavit5
1240 838 1373 892 Hinc
1398 839 1604 910 ipsemet
1629 857 1839 912 magnus
1870 857 1950 891 or-

338 919 414 973 bis
441 917 679 970 Domitor
703 914 971 968 Alexander
1007 916 1221 968 Macedo
1242 916 1395 969 senior
1419 915 1593 968 omnia
1613 917 1660 968 in
1678 935 1830 968 omen
1858 934 1953 969 tra-

337 995 505 1052 hebat.
604 996 717 1045 Nos
739 991 926 1062 aliquid
938 992 1347 1064 praecurrentibus
1360 993 1527 1065 figniS,
1550 1011 1606 1046 ac
1620 993 1807 1054 omini,
1832 993 1949 1045 dan-

338 1076 462 1128 dum
485 1071 713 1125 fideinon
737 1068 1026 1127 diffitemur.
1111 1069 1420 1122 Dummodo
1444 1069 1563 1123 fines
1589 1071 1769 1122 servent
1786 1070 1949 1123 incor-

337 1170 508 1223 ruptos
529 1147 812 1200 monitoria:
833 1145 925 1198 illae
954 1165 1100 1200 voces
1129 1169 1139 1197 ε
1178 1147 1267 1199 M
1287 1145 1410 1221 quid
1427 1148 1563 1200 nimis
1582 1152 1600 1198 Ι
1639 1146 1806 1199 Nobis
1829 1148 1948 1199 inte-

336 1250 415 1283 rea
440 1227 619 1280 certius
642 1223 761 1276 illud
784 1243 937 1275 omen
963 1223 1030 1275 est
1046 1267 1058 1284 ,
1087 1225 1228 1294 quod
1250 1225 1299 1276 in
1324 1224 1502 1277 virtute
1523 1225 1668 1277 venit.
1782 1223 1951 1276 Praeci-

335 1306 431 1380 pue
456 1301 711 1358 Prudentia
725 1344 737 1362 ,
770 1299 847 1352 ille
868 1303 1044 1352 anima?
1066 1299 1224 1353 παίω
1245 1344 1257 1362 ,
1300 1319 1543 1373 magnam
1565 1306 1670 1352 vim
1692 1301 1877 1353 ominis
1897 1301 1949 1352 in

336 1388 394 1455 ijs
416 1380 727 1455 potiffimum
754 1376 1044 1449 assequitur,
1066 1379 1154 1449 qui
1169 1377 1410 1451 sanguinis
1426 1376 1701 1430 claritatem
1725 1377 1948 1430 iunetam

335 1461 539 1518 liabent.
621 1457 700 1508 Est
726 1455 911 1507 etenim
936 1453 1041 1506 haec
1066 1456 1214 1508 virtus
1230 1497 1243 1518 ,
1267 1456 1404 1525 Justo
1431 1454 1517 1506 illo
1538 1450 1682 1525 Belga
1703 1452 1824 1506 iuste
1836 1473 1948 1508 eam

336 1541 398 1594 sic
421 1535 683 1590 definiente
705 1555 714 1582 ε
755 1529 1019 1582 [melleam
1040 1530 1103 1587 Εἴ
1120 1529 1313 1583 Δείεέῖιις
1334 1548 1494 1581 rerum
1507 1573 1520 1591 ,
1542 1549 1651 1604 quae
1664 1527 1948 1603 publicsspri·

335 1613 596 1687 vatimque
627 1605 969 1680 azttfitgiendae
990 1622 1086 1659 am
1107 1606 1385 1679 appetendae.
1481 1609 1545 1658 Et
1572 1607 1695 1677 quid
1718 1606 1835 1659 hinc
1859 1626 1948 1677 po-

337 1694 431 1749 tius
453 1690 762 1759 requiremus
787 1687 839 1736 in
864 1684 1069 1735 summo
1092 1683 1264 1753 aliquo
1293 1684 1548 1736 Diredtore
1570 1681 1718 1737 status
1730 1682 1944 1754 publici?

337 1765 521 1825 merito
543 1762 748 1837 proinde
770 1761 964 1814 divinus
986 1759 1122 1812 Plato
1154 1780 1257 1813 non
1289 1778 1396 1814 tam
1432 1757 1498 1812 ita
1536 1758 1751 1821 divinat,
1786 1760 1944 1832 quam

337 1845 487 1902 sancit
513 1867 525 1894 ·.
578 1838 843 1893 Prudentia
856 1834 959 1911 sola
983 1837 1140 1910 praeit,
1183 1834 1246 1893 ΕΘ*
1279 1835 1413 1888 ducit
1437 1836 1508 1888 ad
1526 1833 1953 1902 reffe‘fhciendumf

335 1931 454 1981 Hoc
487 1923 536 1973 in
571 1921 640 1970 Te
671 1917 785 1988 quis
822 1935 928 1968 non
961 1915 1149 1985 pridem
1183 1913 1498 1986 deprehendit
1532 1932 1685 1965 omen
1713 1920 1726 1964 ?
1777 1915 1943 1984 Ipsum

334 2000 640 2057 PrVdEntIae
687 2012 880 2047 nomen
927 1990 963 2047 si,
993 1990 1184 2044 vocales
1225 1994 1446 2043 eiusdem
1479 1990 1660 2042 litteras
1694 1994 1940 2054 eruimus,

335 2074 522 2134 merito
546 2073 867 2127 consonantes
894 2069 1100 2125 dixeri83
1142 2065 1267 2121 adeo
1294 2068 1425 2120 enim
1454 2066 1721 2119 initialibus
1755 2069 1940 2120 NomiOE

335 2159 410 2212 nis
432 2155 526 2207 Tui
549 2154 848 2207 consonant,
876 2165 928 2199 ut
954 2147 1151 2216 optimo
1174 2142 1282 2197 sane
1306 2163 1554 2198 concentu
1579 2144 1846 2196 acclamare
1869 2146 1940 2196 vin

335 2237 564 2290 deantur:
586 2228 738 2281 Vivat
762 2229 1045 2278 IOANNES
1088 2222 1447 2276 ERNEsTus!
1499 2240 1595 2275 vox
1624 2218 1846 2291 profesto
1864 2216 1938 2295 ſs-

336 2309 478 2367 cundi
498 2304 604 2360 toni
628 2348 640 2364 ,
692 2316 943 2373 quantum
989 2319 1108 2352 cum
1146 2299 1297 2352 Mufis
1332 2298 1533 2351 Muficae
1569 2297 1783 2350 arbitrari
1813 2295 1938 2351 licet.

341 2387 601 2461 Peregrinus
629 2380 713 2434 nisi
738 2378 897 2431 forsan
934 2376 1024 2431 illis
1055 2377 1275 2431 videatur
1297 2420 1310 2439 ,
1361 2377 1452 2448 qui
1485 2373 1567 2447 ipsi
1602 2372 1768 2445 pasfim
1806 2373 1936 2427 male

335 2467 571 2524 audiunt,
612 2457 803 2531 quique
820 2456 971 2527 aequis
993 2475 1096 2508 non
1128 2454 1289 2508 ferunt
1319 2454 1474 2507 oculis
1503 2469 1698 2504 tantum
1731 2451 1940 2522 pruden-

336 2566 414 2601 t1ae
433 2545 597 2597 iubar,
623 2539 818 2589 noetuae
841 2553 943 2588 non
960 2550 1064 2584 tam
1100 2530 1302 2584 Athenis
1328 2549 1453 2584 natae
1475 2573 1488 2591 ‚
1522 2524 1680 2600 quam
1710 2526 1934 2588 Athenae,

336 2629 389 2680 ὅ(
414 2620 537 2675 ultra
560 2611 828 2674 mittendae,
929 2609 1157 2665 Illustrior
1180 2611 1244 2666 est
1261 2608 1486 2681 Principis
1497 2603 1647 2660 nostri
1667 2604 1935 2694 prudentia,

1777 2700 1936 2759 quam
