2034 3277
809 86 924 174 V.

169 245 283 294 On
306 238 419 302 alio,
439 256 562 300 reor,
589 234 824 289 haetenus
851 234 1012 286 modo
1034 233 1292 306 geminam
1316 229 1570 302 utriusque
1590 232 1679 280 Po.

234 318 265 370 li
290 315 480 369 molem
505 314 708 366 servavit
730 330 891 365 rerum
921 311 1204 373 Conditor,
1247 329 1404 380 quam
1428 304 1677 379 suppositis

69 393 197 448 binis
221 393 308 446 illis
341 393 479 446 Divae
505 389 759 442 Themidis
782 387 1028 441 Lancibus
1054 429 1066 447 ,
1108 386 1156 438 in
1180 387 1333 438 chaos
1362 383 1675 454 coeteroquin

67 472 322 525 ruituram.
417 465 554 520 Adeo
582 466 920 521 venerandum
943 509 956 527 ,
997 467 1048 516 &
1079 463 1440 515 sacrosanctum
1464 462 1530 515 est
1554 459 1673 513 illud

64 545 116 602 Α
128 549 268 600 straeae
289 543 514 600 tribunal.
597 549 656 596 Et
668 544 796 596 certe
812 542 936 595 dum
962 539 1213 613 pessumire
1235 539 1491 592 videbatur
1514 537 1671 600 orbiS,

65 646 165 678 non
194 624 324 677 inani
345 618 561 675 omnino
582 618 782 683 fabula,
817 618 958 672 Astr
935 639 999 670 ca
1007 638 1057 669 Ἣ
1081 616 1106 670 ὲ
1128 625 1260 669 terris
1287 616 1506 691 recesfisle
1528 635 1670 677 ¹com-

66 721 162 754 me·
164 704 221 754 iti
249 702 358 753 sunt
383 704 556 752 Poe'tae.
637 698 833 772 Peligno
858 715 963 750 vate
1000 693 1063 748 ita
1089 693 1330 747 testante:

216 776 403 831 Ultima
427 773 646 849 caelestnm
675 790 830 827 terras
851 775 963 846 Astr
966 792 1023 823 ta
1044 769 1246 847 reliquit.

65 857 126 908 Et
159 855 381 907 Satvrico
415 851 558 905 Poe'ta
592 853 790 924 paribus
821 854 973 921 prope
1013 849 1171 901 verbis
1212 849 1272 900 fic
1314 845 1672 920 adstipulante:

214 919 459 983 Paulatim
480 927 642 981 deinde
667 927 737 981 ad
752 929 946 998 Superos
970 927 1158 998 Astraea
1178 922 1360 999 receffit.

62 1014 125 1060 At
150 1007 368 1059 fabulim
394 1007 524 1058 fuisse
565 1003 976 1078 ‚quamtumvis
1002 1002 1229 1074 prudenti
1253 1021 1442 1055 ratione
1472 1003 1669 1062 nixam,

56 1085 302 1168 persistens
330 1085 605 1136 etiamnum
631 1082 801 1144 orbis,
844 1100 927 1133 me
948 1080 1134 1152 judice,
1160 1080 1330 1152 arguit.
1412 1077 1552 1130 Nihil
1574 1097 1671 1132 ete·

55 1162 161 1213 nim
195 1163 388 1213 ruinam
421 1161 672 1214 minitanti
698 1175 936 1212 terrarum
963 1156 1146 1209 circulo
1179 1174 1282 1209 tam
1315 1173 1545 1227 potenter
1568 1157 1672 1206 suc-

54 1235 240 1299 collat,
283 1239 438 1309 quam
471 1239 768 1292 intemerata
799 1234 1055 1288 Themidis
1087 1234 1205 1303 jura.
1283 1232 1427 1284 Unde
1454 1251 1544 1284 nec
1566 1234 1669 1304 ipso

51 1314 262 1386 provido
283 1315 522 1385 Superum
555 1312 754 1368 consilio
788 1331 914 1385 opus
944 1310 1104 1362 ullum
1132 1309 1257 1362 bene
1288 1310 1480 1376 decerni
1512 1328 1666 1372 reor,

49 1392 133 1443 cui
153 1411 257 1443 non
289 1393 413 1443 Diva
440 1392 543 1442 haec
575 1392 803 1457 imponat
826 1387 1156 1448 coronidem,
1199 1405 1310 1457 quae
1342 1404 1510 1439 tamen
1538 1405 1667 1439 nexu

49 1465 365 1520 indissolubili
390 1466 598 1550 supernis
622 1462 709 1515 illis
733 1462 949 1517 adhaeret
970 1430 1156 1516 mundi
1176 1463 1376 1514 arbitris.
1455 1463 1665 1516 Utinam

49 1547 104 1597 ὅς
131 1543 260 1596 terris
281 1543 597 1614 propinqua,
639 1539 720 1592 etsi
745 1559 849 1592 non
882 1557 1004 1610 par,
1041 1537 1274 1610 obtingat
1305 1537 1539 1591 felicitas!
1580 1541 1667 1593 Vi-

47 1623 123 1675 vit
149 1638 367 1692 macno,
391 1615 619 1688 justoque
639 1615 926 1669 multorum
945 1614 1118 1668 solatio
1140 1614 1390 1686 depravati
1409 1619 1667 1670 corrector

54 1696 212 1757 orbiS,
233 1714 291 1747 ac
312 1691 445 1767 vigili
471 1692 620 1745 oculo
645 1693 890 1754 intuetur,
914 1692 1182 1765 dirigitque
1204 1692 1481 1762 frequenter
1503 1695 1666 1764 super-2

50 1795 122 1830 no
145 1770 372 1833 consili0‚
402 1788 455 1822 ac
479 1768 728 1822 humanae
738 1767 976 1822 subtrahit
998 1769 1192 1822 invidiae
1209 1769 1424 1831 viribuS,
1449 1789 1579 1855 quos
1602 1772 1664 1824 ad

53 1868 236 1924 magna
267 1847 535 1901 destinavit.
615 1849 695 1900 Ne
726 1865 893 1903 tamen
927 1843 1140 1899 fortuito
1177 1845 1238 1898 ad
1272 1865 1437 1899 rerum
1472 1849 1666 1917 apicem

50 1929 206 1983 evecti
232 1925 515 1986 videantur,
540 1938 780 1977 accurato
802 1922 964 1977 subdit
986 1924 1224 1986 examini,
1249 1927 1300 1977 δε
1322 1943 1456 1995 pares
1477 1924 1663 1998 diligit,

53 2007 143 2078 qui
166 2022 333 2057 rerum
358 2003 613 2056 summam
636 2000 914 2058 sustentent.
993 2000 1217 2054 Evidenti
1250 2001 1298 2054 id
1320 2000 1579 2072 exemp10,
1608 2020 1664 2056 ac

52 2099 353 2157 argumento
380 2080 429 2131 in
450 2083 518 2132 Te
538 2079 928 2151 comprobatum
951 2077 1395 2170 deprehendimus,
1432 2080 1493 2130 Ce
1494 2076 1587 2149 s
1524 2077 1594 2153 ff
1589 2098 1664 2132 me

52 2180 114 2214 ac
106 2127 403 2211 Reverend
389 2154 457 2231 ff
436 2177 527 2210 me
545 2158 772 2232 Princeps
852 2154 1137 2229 Antequam
1161 2157 1298 2210 enim
1324 2156 1384 2209 ad
1401 2158 1666 2229 Metropo-

54 2236 275 2290 liticam
263 2236 443 2307 juvavii
462 2234 635 2290 Sedena
655 2238 760 2288 Tua
785 2237 853 2289 Te
875 2251 1071 2289 vocaret
1093 2235 1269 2297 virtuS,
1291 2234 1660 2288 Seccoviensem

57 2312 356 2370 Cathedram
398 2357 411 2375 ‚
471 2330 721 2367 tentamen
757 2310 996 2385 praemisit.
1115 2316 1180 2365 Et
1212 2310 1483 2384 postquam
1517 2330 1663 2365 com-

57 2393 197 2444 muni
223 2392 377 2444 totius
401 2393 634 2445 Dioecefis
653 2389 779 2443 illius
807 2388 974 2463 plausu
1006 2389 1287 2462 ponderosae
1320 2387 1410 2442 illae
1435 2407 1490 2442 ac
1512 2389 1660 2444 meri·

57 2468 242 2521 tissimae
265 2469 586 2520 insonuerunt
607 2485 776 2521 voces:

283 2544 461 2598 mlta
483 2543 632 2607 tulit,
654 2542 886 2620 fecitque.

54 2618 332 2695 Majoribus
357 2642 446 2697 par
466 2636 688 2688 invenit
730 2621 1038 2696 dignumque
1077 2618 1310 2695 judicavit
1348 2620 1659 2695 pretiosum,

819 2703 858 2754 E
899 2720 924 2751 2
1491 2716 1548 2752 ac
1568 2719 1654 2750 m}
