2034 3277
310 189 559 225 annorum
590 167 790 221 trahens
812 164 1001 228 seriem.
1076 162 1188 238 Jam'
1228 168 1368 236 ‘enim
1403 188 1537 222 anno
1574 172 1911 227 tercentesimo

312 242 1029 322 quinquagefimoquemdam
1072 247 1099 311 e
1139 241 1335 316 praefata
1373 244 1676 302 illustrissima
1712 248 1911 303 Familia

308 347 432 382 cum
457 322 768 388 SanCtiffimo
788 321 1039 386 Anki'stite,
1068 319 1351 394 Christique
1372 324 1585 396 Martyre
1606 324 1784 396 Vignio
1812 331 1912 379 Ro-

308 402 705 474 maTridentugm
728 395 1011 473 comigtzisse
1044 440 1058 461 ,
1109 395 1280 471 ibicjue
1312 399 1486 453 Sedem
1518 420 1643 453 cum
1667 402 1911 457 Firmiano

307 479 513 535 firmaffe
533 477 867 549 antiquiffirn'o
889 476 1125 529 codicum
1144 477 1435 530 testimonio
1462 496 1655 531 certum
1676 478 1753 530 est.
1817 481 1913 533 Ad-
1980 467 1994 516 ’-

306 560 381 613 dit
404 554 607 610 ulterius
632 550 872 609 insinuata
894 553 1057 606 modb
1078 551 1322 620 librorum
1347 554 1494 617 fides,
1528 555 1754 628 assignata
1777 555 1910 606 fuisse

305 635 368 690 ab
402 635 580 688 eodem
607 628 1144 687 Sanffiffimo‘Praesule
1176 630 1316 683 dictis
1352 630 1661 684 nobiliffimis
1685 633 1788 685 Suis
1819 632 1910 684 viae

304 711 601 768 Comitibus
623 728 751 763 certa
773 726 905 771 rura,
928 725 983 759 ac
1003 709 1134 779 jura,
1156 708 1332 778 utique
1353 707 1403 759 in
1424 706 1647 779 probatae
1668 709 1913 783 integerri-

302 813 401 846 mae
433 790 545 843 fidei
571 803 939 862 argumentum.
1019 790 1087 837 Ut
1110 781 1234 837 adet)
1256 801 1428 857 praeter
1450 786 1667 838 conceffa
1695 785 1721 838 a
1744 785 1914 839 beatis-

303 871 433 924 simo
460 867 682 920 Antistite
705 864 855 925 bona,
876 861 926 915 id
951 880 1159 935 quoque
1181 860 1303 914 boni
1332 861 1406 915 vel
1427 859 1490 915 zib
1511 863 1611 935 ipio
1635 863 1799 935 Vigilij
1821 881 1914 915 no-

302 949 438 1003 mine
466 948 569 1017 jure
589 941 722 997 velut
745 940 1055 993 haereditario
1081 941 1359 992 etiamnum
1384 937 1471 992 fibi
1501 939 1755 993 vendicare
1782 941 1913 993 vide-

305 1039 452 1078 antur
479 1040 534 1074 ut
557 1018 778 1073 Pastorali
799 1014 915 1070 cura
935 1059 949 1081 ‚
988 1035 1045 1068 ac
1079 1014 1330 1089 vigilantia
1359 1015 1533 1070 nostris
1555 1017 1763 1089 quoque
1788 1034 1913 1068 tem-

302 1100 508 1172 poribus
532 1097 803 1170 plurimum
825 1093 1136 1148 inclarescant
1174 1136 1188 1155 ,
1239 1111 1317 1147 tot
1350 1094 1563 1168 infigniti
1596 1113 1652 1147 ac
1678 1093 1909 1146 coronati

304 1183 434 1234 tiaris
457 1182 797 1230 THUNNENSES
819 1172 1017 1224 vertices
1055 1214 1068 1232 ‚
1117 1171 1337 1223 nominis
1369 1170 1559 1243 insuper
1582 1175 1635 1224 &
1657 1170 1908 1245 gentilitiae

303 1255 470 1331 gloriae
498 1253 813 1310 firmitatem,
853 1267 909 1299 ac
936 1246 1280 1318 perrenitatem
1302 1247 1410 1299 seris
1431 1250 1632 1319 posteris
1657 1250 1911 1300 ominante

303 1354 360 1386 ac
383 1333 616 1385 firmante
639 1327 887 1381 Firmiano
911 1323 1039 1377 fideli
1066 1324 1269 1385 itineris,
1294 1342 1349 1376 ac
1371 1325 1508 1377 sortis
1528 1326 1726 1378 comite.
1773 1324 1910 1376 Plau-

302 1412 364 1464 de
387 1407 738 1481 Salisburgum,
760 1406 814 1457 &
837 1400 1076 1476 gratulare
1096 1400 1380 1471 antiquitati
1403 1403 1538 1464 Tuae,
1566 1403 1692 1455 dum
1716 1401 1910 1455 Phoeni-

302 1491 388 1551 cis,
402 1504 486 1539 aut
507 1485 788 1555 aquilarum
801 1497 942 1531 more
955 1478 1331 1531 innovationem
1347 1478 1776 1549 auspicatissimam
1795 1497 1912 1551 gen·

302 1565 447 1619 tilitia
470 1561 588 1616 novi
611 1559 801 1630 Capitis
822 1556 916 1607 Tui
938 1554 1102 1625 aquila
1122 1553 1234 1606 Tibi
1258 1573 1534 1627 auguratur.
1613 1555 1786 1610 Plaude
1812 1558 1821 1608 .'
1852 1574 1908 1607 ac

298 1636 663 1717 gratulabunda
698 1652 818 1690 voce
854 1632 1127 1684 identidem
1156 1629 1236 1683 illa
1270 1631 1559 1703 Cytharoedi
1594 1637 1734 1707 Regis
1760 1631 1908 1688 verba

303 1736 402 1773 tuo
426 1715 535 1771 Tibi
566 1714 739 1769 iolatio
764 1710 940 1765 occine
970 1729 982 1760 ι
1032 1706 1356 1762 renovabitur
1386 1726 1440 1763 ut
1471 1709 1649 1780 aquilae
1680 1714 1906 1785 juventus

295 1816 424 1851 mea.

1796 2768 1906 2845 ΙΙ,
