2034 3277
313 147 476 212 Caput
509 141 973 194 Reverendissimum
1008 138 1071 191 ab
1100 138 1440 200 Illustriffimo‚
1475 157 1531 191 ac
1566 139 1913 193 Reverendiff‘-

311 240 398 270 mo
423 218 790 289 Metropolitico
814 215 1048 287 Capitulo
1075 217 1376 269 meritissime
1400 216 1454 269 fis
1477 215 1668 271 electus,
1746 217 1906 281 Adde,

307 296 444 367 quod
465 294 541 347 illa
567 292 664 364 ipsa
686 292 818 354 luce,
842 290 940 363 qua
967 292 1174 365 peculari
1201 291 1449 346 memoria
1469 311 1549 346 vas
1560 290 1677 344 illud
1701 291 1906 347 Electio.

307 375 377 424 nis
402 390 531 425 totus
558 369 848 422 Catholicus
869 369 1075 430 recolit,
1112 369 1382 441 festivoque
1413 372 1552 422 cultu
1582 365 1791 421 celebrat
1824 388 1904 422 or-

308 448 391 501 bis.
504 445 650 499 Certe
684 447 816 498 enim
849 449 902 500 δε
936 450 1010 499 Tu
1038 445 1182 498 nobis
1215 450 1314 500 Vas
1345 445 1606 499 Elcstionis
1628 463 1692 497 es.
1793 446 1901 500 Sive
1968 514 1976 522 .

306 525 438 577 enim
460 523 789 577 Seccovienses
810 526 943 576 Tuos
963 520 1262 575 consulimus
1273 520 1293 584 ,ξ
1314 522 1407 575 five
1427 519 1790 593 Juvavienfium
1813 539 1901 574 vo-

306 620 352 653 ta
373 601 433 653 ad
457 619 741 653 accuratum
757 602 968 664 Sacoma
991 598 1326 671 appendimuS,
1339 618 1435 650 vox
1469 596 1639 650 eadem
1663 615 1900 661 recurret,

304 697 450 749 atque
495 677 795 729 unanimiter
825 674 1066 728 insonabit
1087 716 1098 735 ‚
1167 674 1309 745 quod
1345 673 1584 726 vatidicus
1613 672 1690 726 ille
1725 676 1898 748 magni

306 755 604 805 Praecursoris
628 772 793 824 parens
825 752 873 804 in
911 751 1129 824 pugillari
1163 749 1422 821 quondam
1452 748 1656 820 sctipfit:
1687 755 1901 821 Joannes

301 830 631 902 appellabitur.
729 832 842 900 JoA
858 848 891 881 N
908 848 941 881 N
956 847 1013 879 fis
1057 833 1187 882 ERN
1201 846 1302 881 EST
1317 848 1408 888 υς,
1450 828 1660 897 inquam
1678 869 1691 888 ‚
1717 846 1898 901 magna

300 907 375 958 illa
398 908 703 958 Tliunnensis
727 906 955 976 prosapiae
977 904 1155 976 gloria,
1188 905 1326 957 cuius
1363 903 1706 976 integerrima,
1751 922 1805 956 ac
1826 906 1899 958 in-

298 1002 524 1055 corrupta
563 985 610 1035 in
644 986 914 1034 Caelaream
953 980 1171 1052 aquilam
1207 980 1324 1033 fides
1359 978 1539 1032 merito
1570 978 1816 1052 gentilitio
1845 981 1895 1034 in

299 1061 438 1113 scuto
464 1080 571 1111 non
606 1059 862 1131 degeneres
896 1059 1072 1128 spectat
1109 1076 1232 1109 aves,
1347 1057 1490 1108 Unde
1522 1059 1574 1109 &
1603 1057 1772 1129 magni
1802 1077 1893 1116 ¹no„

296 1138 441 1189 minis
465 1140 508 1189 G
526 1156 555 1188 u
573 1157 586 1188 1
604 1153 638 1187 D
652 1155 685 1187 o
698 1154 725 1187 B
740 1155 770 1187 A
783 1154 808 1187 L
822 1152 857 1184 D
870 1153 901 1184 u
915 1154 934 1183 s
967 1132 1044 1184 ille
1063 1133 1322 1203 quondam
1349 1133 1511 1186 noster
1533 1151 1637 1186 tam
1657 1133 1809 1204 prope
1833 1131 1895 1187 ad

293 1213 615 1266 Austriacum
640 1212 832 1282 imperij
860 1208 1011 1261 solem
1033 1209 1248 1271 accessit‚
1280 1224 1337 1260 ut
1361 1228 1463 1261 non
1485 1228 1589 1262 tam
1610 1209 1819 1281 armiger
1841 1209 1897 1261 il·-

291 1290 382 1343 lius
404 1332 417 1352 ‚
463 1286 616 1360 quam
658 1284 922 1358 pleniflima
957 1282 1174 1355 potentia
1209 1284 1272 1336 ad
1305 1286 1530 1337 Comitia
1556 1285 1823 1355 imperialia
1844 1287 1897 1340 in

292 1385 478 1440 magno
506 1364 587 1417 illo
613 1362 835 1416 Consilio
849 1361 1034 1434 legatus
1050 1360 1293 1424 esset‚tam
1317 1361 1376 1412 de
1399 1364 1711 1432 Imperatore,
1735 1359 1895 1431 quam

291 1445 500 1514 Imperio
528 1441 750 1493 universo
777 1437 1121 1489 meritissimus,
1211 1437 1375 1488 Huius
1400 1441 1478 1488 Tu
1498 1455 1632 1489 nunc
1658 1435 1894 1492 Salisbur.

287 1522 334 1593 gi
358 1518 598 1573 Successor
619 1516 951 1587 undequaque
975 1512 1279 1585 digniffimus
1300 1510 1433 1565 tanta
1464 1513 1679 1565 claritate
1700 1513 1892 1583 praeful-

285 1616 392 1669 ges,
424 1613 612 1662 quanto
638 1592 808 1644 iubare
836 1589 1020 1641 radiant
1053 1587 1360 1640 illustrissima
1391 1587 1750 1659 Metropolitici
1784 1591 1887 1643 caeli

285 1673 432 1724 nostri
457 1672 626 1731 sidera,
649 1669 832 1739 quibus
858 1684 914 1717 ut
937 1669 1035 1718 Vas
1064 1663 1324 1717 Eleetionis
1345 1664 1479 1716 fieres
1501 1663 1623 1717 iusta
1643 1667 1887 1738 exceptio.

286 1770 343 1801 ne
374 1750 556 1809 maiuS,
580 1747 665 1798 suo
681 1745 889 1799 numine
909 1740 1079 1813 potuit
1101 1740 1271 1816 magni
1294 1741 1477 1814 confilij
1503 1739 1728 1816 Angelus,

1628 2717 1869 2793 Plaudi-

1934 1282 1957 1316 ε,
