2034 3277
960 45 1027 137 I.

315 196 504 254 Edueta
530 194 677 272 longa
710 214 964 250 annorum
987 195 1099 249 serie
1120 196 1394 248 Stemmata
1418 193 1496 246 vix
1522 191 1669 244 solide
1693 211 1784 244 uo-

176 211 309 342 D
334 276 524 331 bilitate
549 273 630 328 sua
657 272 925 347 gloriantur
949 316 962 335 ,
1002 272 1089 325 nifi
1112 273 1302 326 virtutis
1332 269 1588 323 connubio
1617 269 1781 331 funda,

177 368 230 409 ta
252 399 263 417 ‚
294 355 497 414 servata,
530 352 736 404 firmata.
777 351 962 421 jadrent
981 351 1111 403 enim
1134 348 1283 419 aliqui
1310 349 1577 420 antiquum
1599 364 1781 418 genuse

174 432 334 486 levior
363 428 610 484 videbitur
636 448 689 481 ea
721 427 918 499 jaetatio
959 469 972 488 ,
1025 426 1142 497 quia
1174 425 1296 479 talis,
1386 426 1441 477 Id
1474 426 1774 495 Satyricum‚

173 527 285 562 reor
308 551 321 569 ,
360 511 566 560 Poetam
608 505 772 558 movit
792 547 806 567 ‚
846 521 902 558 ut
933 502 1017 557 his,
1043 501 1200 556 verbis
1221 544 1234 563 ,
1276 520 1331 553 ac
1362 501 1602 554 verficulis
1633 519 1776 553 com-

175 603 331 641 mone
355 585 539 636 faceret
558 580 654 635 sola
679 579 834 634 aliena
852 580 1083 652 superbos
1105 576 1286 652 glorizi:

249 663 516 713 Stemmata
537 658 662 734 quid
658 658 857 732 faciunt
877 664 905 713 ,2
941 658 1065 733 quid
1080 655 1281 730 prodss,
1305 656 1511 718 Pontice,
1533 653 1661 726 longo

247 739 484 808 Sanguine
503 736 668 810 cenftri
689 743 717 790 ἒ
746 733 893 810 picslos
917 733 1139 808 ostendere
1158 731 1329 786 vultus

249 814 536 888 Majorum‚
557 821 619 871 65
630 816 810 884 stantes
833 814 884 864 in
904 810 1115 865 curribus
1135 809 1390 862 aemilianos
1402 814 1429 862 ἒ

249 890 376 947 Dm
395 889 498 944 licet
516 907 704 943 veteres
721 903 950 943 exornent
970 888 1177 962 undique
1195 907 1295 939 cerae

250 966 407 1019 Atria
427 1009 440 1030 ‚
480 965 697 1020 nobilitas
712 965 814 1040 sela
840 968 901 1036 cst
927 982 1078 1040 atque
1114 965 1255 1017 uncia
1285 966 1462 1016 virtus.

174 1044 240 1098 Et
260 1043 488 1115 profesto
514 1044 778 1117 indignum
800 1087 813 1105 ,
845 1061 998 1114 atque
1027 1038 1054 1094 a
1079 1043 1311 1114 generoso
1338 1040 1567 1113 sanguine
1588 1040 1776 1113 prorsus

174 1119 393 1176 alienum
409 1164 422 1184 ‚
447 1124 500 1175 δε
522 1121 711 1194 paucis,
735 1120 868 1172 velut
892 1119 1023 1172 idem
1046 1118 1320 1191 subjungit,

245 1229 269 1241 -
343 1231 367 1242 -
441 1231 464 1243 -
538 1197 758 1271 mifirum
776 1199 838 1274 est
855 1195 1062 1249 alierum
1079 1192 1347 1246 incumbere
1346 1192 1534 1260 fhmoe5

247 1273 380 1328 Hinc
454 1308 476 1318 -
552 1312 572 1320 -
649 1307 671 1318 -·
745 1306 769 1317 -
844 1272 1009 1347 cenffiri
1026 1271 1165 1325 laude
1182 1287 1380 1325 tuorum

245 1354 430 1406 Pontice
468 1396 480 1413 ‚
530 1351 757 1404 noluerim
794 1393 808 1413 ‚
839 1349 911 1422 fic
948 1366 1007 1408 uc<
1034 1347 1156 1402 nihil
1180 1346 1265 1422 ipfi'
1282 1348 1466 1422 futura

255 1428 432 1480 Laudis
461 1449 576 1501 agas
652 1458 1354 1473 --------

174 1506 482 1576 Supersedere
505 1502 617 1557 tuto
649 1520 839 1574 poterat
873 1502 1065 1556 salutari
1091 1502 1422 1573 caeteroquim
1451 1496 1552 1554 hoc
1575 1500 1780 1555 monito

177 1600 309 1634 vates
334 1625 346 1643 ,
386 1581 419 1633 si
442 1581 491 1633 in
513 1584 851 1634 THuNNoRuM
874 1598 1026 1652 genus
1056 1622 1068 1641 ‚
1110 1596 1164 1630 ac
1189 1579 1553 1632 haereditariam
1577 1598 1781 1652 genero-

176 1657 365 1711 fitatem
390 1657 567 1710 oculos
587 1700 599 1718 ‚
641 1655 968 1728 mentemque
989 1657 1232 1710 intentam
1254 1655 1510 1709 habuisset.
1588 1655 1779 1727 Namq3

176 1734 314 1788 velut
345 1736 504 1805 ipsum
528 1732 752 1808 gentilitii
780 1735 999 1788 nominis
1033 1735 1251 1805 Etymon
1276 1734 1462 1786 THuN
1494 1734 1783 1805 germanico

176 1811 420 1865 idiomate
445 1812 784 1883 operationem
807 1811 967 1863 innuit
991 1852 1005 1873 ,
1048 1811 1115 1863 ita
1145 1814 1228 1862 suo
1251 1808 1338 1862 fibi
1361 1810 1545 1883 indigni
1572 1809 1780 1862 nomine

179 1887 470 1941 videbantur
493 1933 505 1949 ‚
546 1888 632 1940 nifi
654 1884 845 1959 propria
868 1907 1028 1940 rerum
1053 1886 1295 1959 gestarum
1321 1887 1692 1959 magnitudine,
1721 1905 1779 1938 ac

177 1963 390 2018 claritate
412 2009 424 2027 ,
466 1965 514 2017 id
547 1963 765 2037 undique
785 1963 1136 2018 collustrassent.
1216 1969 1283 2017 Ut
1302 1965 1441 2016 enim
1465 1962 1527 2016 ab
1551 1965 1652 2035 ipso
1674 1961 1783 2015 illu.

178 2041 409 2095 striffimae
443 2042 668 2114 prosapiae
702 2041 980 2112 primordio
1014 2040 1157 2094 filum
1193 2041 1456 2112 posteritati
1499 2040 1743 2092 ducamus
1764 2082 1780 2101 ,

178 2136 240 2171 an
263 2138 370 2171 non
402 2120 508 2172 satis
537 2119 774 2190 superque
800 2117 931 2171 velut
962 2118 987 2171 ὲ
1018 2117 1356 2191 limpidiffimo
1391 2116 1540 2170 eluxit
1571 2118 1707 2170 fonte
1730 2117 1781 2169 in

176 2197 346 2268 primo
374 2195 457 2248 illo
490 2240 502 2258 ,
550 2213 796 2268 quantum
821 2196 1029 2266 quidem
1052 2194 1114 2248 ab
1139 2194 1307 2268 iniqua
1330 2190 1624 2266 plerumque
1647 2212 1784 2247 vetu-

177 2273 307 2326 statis
330 2272 447 2325 falce
472 2275 714 2328 vindicare
740 2271 875 2325 licuit
923 2315 936 2333 ,
998 2273 1059 2325 ad
1092 2273 1198 2325 serae
1231 2271 1517 2345 posteritatis
1547 2272 1779 2325 notitiam

179 2352 454 2403 transeunte
479 2394 492 2412 ‚
532 2353 573 2402 T
590 2369 623 2403 H
635 2369 668 2402 u
683 2367 717 2402 N
733 2368 767 2403 N
782 2368 809 2401 E
824 2369 857 2403 N
873 2369 892 2400 s
909 2370 957 2402 18
986 2351 1205 2403 nominis
1227 2349 1531 2403 nobiliffimo
1562 2348 1779 2401 haerede?

180 2428 305 2500 Qis
331 2428 466 2480 enim
493 2430 803 2499 praesumeret
829 2428 1219 2480 Strenuiffimum
1250 2426 1396 2479 illum
1429 2427 1478 2478 in
1503 2424 1642 2478 vinea
1675 2428 1782 2477 Do-

183 2503 367 2557 minica't
390 2505 665 2576 operarium
680 2550 693 2567 ‚
718 2502 1064 2576 Pastoremque
1087 2503 1506 2577 vigilantiffimum
1522 2502 1782 2576 Vigilium‚

182 2581 416 2654 ignavum
436 2582 656 2654 aliquem
682 2625 696 2645 ,
730 2579 1028 2657 segnemque
1051 2580 1432 2635 dormitantium
1454 2598 1510 2633 ac
1534 2578 1784 2633 Thersiten

1030 2662 1052 2711 Ι.
1735 2655 1787 2707 in
